<record><leader>00000cas a22000007a 4500</leader><controlfield tag="001">26282422</controlfield><controlfield tag="008">920729d18851969njuwr ne      0    0eng d</controlfield><datafield ind1=" " ind2=" " tag="010"><subfield code="a">sn 92059940 </subfield></datafield><datafield ind1=" " ind2=" " tag="040"><subfield code="a">NJW</subfield><subfield code="b">eng</subfield><subfield code="c">NJW</subfield><subfield code="d">OCLCQ</subfield></datafield><datafield ind1="0" ind2="0" tag="245"><subfield code="a">Swedesboro news.</subfield></datafield><datafield ind1=" " ind2=" " tag="260"><subfield code="a">Swedesboro, N.J. :</subfield><subfield code="b">Gloucester County Pub. Co.</subfield></datafield><datafield ind1=" " ind2=" " tag="300"><subfield code="a">v.</subfield></datafield><datafield ind1=" " ind2=" " tag="310"><subfield code="a">Weekly</subfield></datafield><datafield ind1="1" ind2=" " tag="362"><subfield code="a">Began in 1885.</subfield></datafield><datafield ind1="0" ind2=" " tag="362"><subfield code="a">-85th year, no. 11 (Nov. 20, 1969).</subfield></datafield><datafield ind1=" " ind2=" " tag="500"><subfield code="a">"An Independent Republican Newspaper" appears on masthead.</subfield></datafield><datafield ind1=" " ind2=" " tag="588"><subfield code="a">Description based on: Vol. 38, no. 1 (Oct. 14, 1927).</subfield></datafield><datafield ind1=" " ind2=" " tag="752"><subfield code="a">United States</subfield><subfield code="b">New Jersey</subfield><subfield code="c">Gloucester</subfield><subfield code="d">Swedesboro.</subfield></datafield><datafield ind1="0" ind2="0" tag="785"><subfield code="t">News (Swedesboro, N.J.)</subfield><subfield code="w">(DLC)sn 92059941</subfield></datafield></record>